
@misc{openssh,
	title = {OpenSSH Manual},
	url = {http://www.openssh.com/ru/manual.html},
}

@manual{getting-started,
	organization = {Wind River},
	title = {Simics Getting Started Guide 4.6},
	year = 2011,
}

@manual{hindsight,
	organization = {Wind River},
	title = {Simics Hindsight User Guide 4.6},
	year = 2011,
}

@manual{analyzer,
	organization = {Wind River},
	title = {Simics Analyzer User Guide 4.6},
	year = 2011,
}

@manual{installation,
	organization = {Wind River},
	title = {Simics Installation User Guide 4.8},
	year = 2013,
}

@manual{enug,
	organization = {Wind River},
	title = {Ethernet Networking User Guide 4.6},
	year = 2011,
}

@misc{putty,
    author = {Simon Tatham},
	title = {{PuTTY} User Manual},
	url = {http://the.earth.li/~sgtatham/putty/0.62/puttydoc.txt},
}

@misc{vnc,
    organization = {RealVNC Ltd.},
	title = {Getting started with VNC},
	url = {http://www.realvnc.com/support/getting-started.html},
}

@misc{RealVNC,
    organization = {RealVNC Ltd.},
	title = {VNC. Access to your computers, when you need it.},
	url = {http://www.realvnc.com/products/vnc/},
}

@misc{BusyBox,
	title = {Официальный сайт BusyBox},
	url = {http://www.busybox.net/},
}

@book{Dongarra:1979:LUG,
    author = {J. J. Dongarra and C. B. Moler and J. R. Bunch and G.W. Stewart},
    bibdate = {Mon Dec 13 15:18:20 1993},
    isbn = {0-89871-172-X (paperback)},
    lccn = {QA76.73 .L22 L5 1979, QA214 .L56 1979},
    pages = {320},
    publisher = {SIAM},
    title = {{{LINPACK} Users' Guide}},
    year = {1979}
}

@misc{top500,
    title = {{{TOP500} Supercomputing sites}},
    url = {http://www.top500.org}
}

@misc{intel-linpack,
    organization = {Intel Corporation},
    title = {{Intel {Linpack} benchmarks}},
    url = {http://software.intel.com/en-us/articles/intel-math-kernel-library-linpack-download}
}

@misc{netlib-linpack,
    organization = {Netlib},
    title = {{High performance {Linpack} benchmark}},
    url = {http://www.netlib.org/linpack}
}

@article{Dongarra03thelinpack,
    author = {Jack J. Dongarra and Piotr Luszczek and Antoine Petitet},
    journal = {Concurrency and Computation: Practice and Experience},
    pages = {20},
    title = {{The {LINPACK} benchmark: Past, present, and future.}},
    volume = {15},
    year = {2003}
}

@article{linpack-report,
    author = {Jack J. Dongarra},
    title = {{Performance of Various Computers Using Standard Linear Equations Software}},
    url = {ftp://netlib2.cs.utk.edu/benchmark/performance.pdf}
}

@inproceedings{54conf-linpack-survey,
	author = {Г.С. Речистов},
	booktitle = {{Труды 54-й научной конференции МФТИ <<Проблемы фундаментальных и прикладных естественных и технических наук в современном информационном обществе>>}},
	city = {Москва–Долгопрудный-Жуковский},
	isbn = {978-5-7417-0396-0},
	journal = {Труды 54-й научной конференции МФТИ <<Проблемы фундаментальных и прикладных естественных и технических наук в современном информационном обществе>>},
	pages = {71–72},
	title = {{Бенчмарк {LINPACK} для архитектуры {Intel} {IA-32}: существующие варианты, сравнительный анализ возможностей и демонстрируемой производительности}},
	volume = 01
}

@misc{qcow2,
    title = {The {QCOW2} Image Format},
    author = {Mark McLoughlin},
    year = 2008,
    url = {http://people.gnome.org/~markmc/qcow-image-format.html},
    urldate = {2012-10-22},
}

@misc{vmdk,
    title = {Virtual Machine Disk Format {(VMDK)}},
    organization = {VMware},
    year = 2012,
    url = {http://www.vmware.com/technical-resources/interfaces/vmdk.html},
    urldate = {2012-10-22},
}

@manual{gdb,
	url = {http://sourceware.org/gdb/current/onlinedocs/gdb/},
	urldate = {2013-01-17},
	title = {Debugging with {GDB}},
	organization = {Free Software Foundation},
	note = {7.5.50.20130117},
	year = 2013,
}

@manual{windbg,
	title = "{WinDbg}. From {A} to {Z}!",
	author = {Robert Kuster},
	month = {December},
	year = 2007,
	numpages = 111,
	url = {http://windbg.info},
	urldate = {2013-01-19},
}


@misc{nfs,
    title = {Настройка NFS сервера и клиента в Debian Lenny},
    author = {Михаил Сгибнев},
    year = 2009,
    url = {http://www.opennet.ru/tips/info/2061.shtml},
    urldate = {2014-03-22},
}

@misc{engblom-academic-simics,
    author = {Jakob Engblom},
    title = {Academic {Simics}},
    url= {http://blogs.windriver.com/engblom/2010/07/academic-simics.html},
    urldate = {2014-03-2},
    year = 2010,
}

